<record><leader>00000cas a22000007a 4500</leader><controlfield tag="001">11769767</controlfield><controlfield tag="008">850306d18401862nyuwr ne      0    0eng  </controlfield><datafield ind1=" " ind2=" " tag="010"><subfield code="a">sn 85042109 </subfield></datafield><datafield ind1=" " ind2=" " tag="040"><subfield code="a">DLC</subfield><subfield code="b">eng</subfield><subfield code="c">DLC</subfield><subfield code="d">NPX</subfield><subfield code="d">NYS</subfield><subfield code="d">NYG</subfield><subfield code="d">NYS</subfield><subfield code="d">OCL</subfield><subfield code="d">NYS</subfield><subfield code="d">OCL</subfield><subfield code="d">OCLCQ</subfield><subfield code="d">OCLCO</subfield><subfield code="d">OCLCQ</subfield><subfield code="d">OCLCF</subfield><subfield code="d">IUL</subfield><subfield code="d">OCL</subfield></datafield><datafield ind1=" " ind2=" " tag="012"><subfield code="b">3</subfield></datafield><datafield ind1=" " ind2=" " tag="019"><subfield code="a">15725712</subfield><subfield code="a">17855765</subfield></datafield><datafield ind1=" " ind2=" " tag="042"><subfield code="a">msc</subfield></datafield><datafield ind1=" " ind2=" " tag="043"><subfield code="a">n-us-ny</subfield></datafield><datafield ind1="0" ind2="0" tag="050"><subfield code="a">Newspaper 8829-X</subfield></datafield><datafield ind1="0" ind2=" " tag="130"><subfield code="a">Ontario repository (Canandaigua, N.Y. : 1840)</subfield></datafield><datafield ind1="1" ind2="4" tag="245"><subfield code="a">The Ontario repository.</subfield></datafield><datafield ind1="3" ind2="0" tag="246"><subfield code="a">National New Yorker and Ontario repository</subfield></datafield><datafield ind1="3" ind2="0" tag="246"><subfield code="a">National New Yorker</subfield></datafield><datafield ind1=" " ind2=" " tag="260"><subfield code="a">Canandaigua, N.Y. :</subfield><subfield code="b">Geo. L. Whitney,</subfield><subfield code="c">-1862.</subfield></datafield><datafield ind1=" " ind2=" " tag="300"><subfield code="a">v. ;</subfield><subfield code="c">60-64 cm.</subfield></datafield><datafield ind1=" " ind2=" " tag="310"><subfield code="a">Weekly</subfield></datafield><datafield ind1="1" ind2=" " tag="362"><subfield code="a">Began in 1840.</subfield></datafield><datafield ind1="0" ind2=" " tag="362"><subfield code="a">-new ser., v. 59, no. 40 (Feb. 13, 1862) = -no. 1324.</subfield></datafield><datafield ind1=" " ind2=" " tag="500"><subfield code="a">Published as: National New Yorker and Ontario repository, May 14, 1856-Nov. 5, 1856.</subfield></datafield><datafield ind1=" " ind2=" " tag="500"><subfield code="a">Published as: National New Yorker, Nov. 12, 1856-May 6, 1857.</subfield></datafield><datafield ind1=" " ind2=" " tag="588"><subfield code="a">Description based on: Vol. 38, no. 14 (June 17, 1840).</subfield></datafield><datafield ind1=" " ind2="0" tag="651"><subfield code="a">Canandaigua (N.Y.)</subfield><subfield code="v">Newspapers.</subfield></datafield><datafield ind1=" " ind2="0" tag="651"><subfield code="a">Ontario County (N.Y.)</subfield><subfield code="v">Newspapers.</subfield></datafield><datafield ind1=" " ind2="7" tag="651"><subfield code="a">New York (State)</subfield><subfield code="z">Ontario County.</subfield><subfield code="2">fast</subfield><subfield code="0">(OCoLC)fst01209099</subfield></datafield><datafield ind1=" " ind2="7" tag="651"><subfield code="a">New York (State)</subfield><subfield code="z">Canandaigua.</subfield><subfield code="2">fast</subfield><subfield code="0">(OCoLC)fst01212782</subfield></datafield><datafield ind1=" " ind2="7" tag="655"><subfield code="a">Newspapers.</subfield><subfield code="2">fast</subfield><subfield code="0">(OCoLC)fst01423814</subfield></datafield><datafield ind1=" " ind2=" " tag="752"><subfield code="a">United States</subfield><subfield code="b">New York</subfield><subfield code="c">Ontario</subfield><subfield code="d">Canandaigua.</subfield></datafield><datafield ind1="0" ind2=" " tag="775"><subfield code="t">Ontario repository (Canandaigua, N.Y. : 1846)</subfield><subfield code="w">(DLC)sn 85026151</subfield><subfield code="w">(OCoLC)12066247</subfield></datafield><datafield ind1="0" ind2="0" tag="780"><subfield code="t">Ontario repository and freeman</subfield><subfield code="w">(DLC)sn 85026150</subfield><subfield code="w">(OCoLC)12066196</subfield></datafield><datafield ind1="0" ind2="7" tag="785"><subfield code="t">Ontario weekly messenger</subfield><subfield code="w">(DLC)sn 88074893</subfield><subfield code="w">(OCoLC)18775714</subfield></datafield><datafield ind1="0" ind2="7" tag="785"><subfield code="t">Ontario repository and messenger</subfield><subfield code="w">(DLC)sn 83031530</subfield><subfield code="w">(OCoLC)9908335</subfield></datafield><datafield ind1="1" ind2=" " tag="029"><subfield code="a">AU@</subfield><subfield code="b">000020125640</subfield></datafield></record>